@book{goldberg1,
    author = {Goldberg, David E.},
    title = {Genetic Algorithms in Search, Optimization and Machine Learning},
    year = {1989},
    isbn = {0201157675},
    publisher = {Addison-Wesley Longman Publishing Co., Inc.},
    address = {USA},
    edition = {1st}
}

@article{selection1,
  title={Genetic algorithms, tournament selection, and the effects of noise},
  author={Miller, Brad L and Goldberg, David E and others},
  journal={Complex systems},
  volume={9},
  number={3},
  pages={193--212},
  year={1995},
  publisher={[Champaign, IL, USA: Complex Systems Publications, Inc., c1987-}
}

@article{selection2,
  title={A review of selection methods in genetic algorithm},
  author={Sivaraj, R and Ravichandran, T},
  journal={International journal of engineering science and technology},
  volume={3},
  number={5},
  pages={3792--3797},
  year={2011},
  publisher={Engg Journals Publications}
}

@book{glossary,
  title={Evolutionary computation 1: Basic algorithms and operators},
  author={B{\"a}ck, Thomas and Fogel, David B and Michalewicz, Zbigniew},
  year={2018},
  publisher={CRC press}
}

@article{matlab1,
  title={A genetic algorithm for function optimization: a Matlab implementation},
  author={Houck, Christopher R and Joines, Jeff and Kay, Michael G},
  journal={Ncsu-ie tr},
  volume={95},
  number={09},
  pages={1--10},
  year={1995}
}

@incollection{matlab2,
  title={Genetic algorithm implementation using matlab},
  author={Sivanandam, SN and Deepa, SN},
  booktitle={Introduction to Genetic Algorithms},
  pages={211--262},
  year={2008},
  publisher={Springer}
}

@inproceedings{matlab3,
  title={A genetic algorithm toolbox for MATLAB},
  author={Chipperfield, AJ and Fleming, PJ and Pohlheim, H and Fonseca, CM},
  booktitle={Proc. International Conference on Systems Engineering, Coventry, UK},
  volume={6},
  number={8},
  year={1994}
}

@inproceedings{path1,
  title={ASGA: Improving the Ant System by Integration with Genetic Algorithms},
  author={Anthony Richard Phillip White and Bernard Pagurek and Franz Oppacher},
  year={1998}
}

@inproceedings{path2,
  title={A Genetic Algorithm Approach to Solve the Shortest Path Problem for Road Maps},
  author={Sachith Abeysundara and Baladasan Giritharan and Saluka Kodithuwakku}
}

@inproceedings{path3,
    author = {Gonen, Bilal},
    year = {2011},
    month = {01},
    pages = {},
    title = {Genetic Algorithm Finding the Shortest Path in Networks}
}

@inproceedings{path4,
  title={Faster genetic algorithm for network paths},
  author={Li, Yinzhen and He, Ruichun and Guo, Yaohuang},
  booktitle={The 6th International Symposium on Operations Research and Its Applications,(ISORA'06). August},
  pages={8--2},
  year={2006}
}

@article{tsp1,
  title={The traveling salesman problem},
  author={J{\"u}nger, Michael and Reinelt, Gerhard and Rinaldi, Giovanni},
  journal={Handbooks in operations research and management science},
  volume={7},
  pages={225--330},
  year={1995},
  publisher={Elsevier}
}

@inproceedings{tsp2,
  title={On solving travelling salesman problems by genetic algorithms},
  author={Braun, Heinrich},
  booktitle={International Conference on Parallel Problem Solving from Nature},
  pages={129--133},
  year={1990},
  organization={Springer}
}

@article{tsp3,
  title={Evolution algorithms in combinatorial optimization},
  author={M{\"u}hlenbein, Heinz and Gorges-Schleuter, Martina and Kr{\"a}mer, Ottmar},
  journal={Parallel computing},
  volume={7},
  number={1},
  pages={65--85},
  year={1988},
  publisher={Elsevier}
}

@inproceedings{tsp4,
  title={Genetic algorithm performance with different selection strategies in solving TSP},
  author={Razali, Noraini Mohd and Geraghty, John and others},
  booktitle={Proceedings of the world congress on engineering},
  volume={2},
  number={1},
  pages={1--6},
  year={2011},
  organization={International Association of Engineers Hong Kong}
}

@article{tsp5,
  title={Genetic algorithms for the travelling salesman problem: A review of representations and operators},
  author={Larranaga, Pedro and Kuijpers, Cindy M. H. and Murga, Roberto H. and Inza, Inaki and Dizdarevic, Sejla},
  journal={Artificial Intelligence Review},
  volume={13},
  number={2},
  pages={129--170},
  year={1999},
  publisher={Springer}
}

@inproceedings{path5,
  title={Using genetic algorithms to solve NP-complete problems.},
  author={De Jong, Kenneth A and Spears, William M},
  booktitle={ICGA},
  pages={124--132},
  year={1989}
}

@inproceedings{graphcol1,
  title={Genetic algorithm applied to the graph coloring problem},
  author={Hindi, Musa M and Yampolskiy, Roman V},
  booktitle={Proc. 23rd Midwest Artificial Intelligence and Cognitive Science Conf},
  pages={61--66},
  year={2012}
}

@inproceedings{graphcol2,
author = {Mantere, Timo and Koljonen, Janne},
year = {2007},
month = {10},
pages = {1382 - 1389},
title = {Solving, rating and generating Sudoku puzzles with GA},
journal = {2007 IEEE Congress on Evolutionary Computation, CEC 2007},
doi = {10.1109/CEC.2007.4424632}
}

@inproceedings{graphcol3,
author = {Gwee, Bah-Hwee and Chang, Joseph},
year = {2003},
month = {01},
pages = {252-261},
title = {A Hybrid Genetic Hill-climbing Algorithm for Four-Coloring Map Problems.}
}

@article{graphcol5,
  title={A novel hybrid genetic algorithm for solving Sudoku puzzles},
  author={Deng, Xiu Qin and Da Li, Yong},
  journal={Optimization Letters},
  volume={7},
  number={2},
  pages={241--257},
  year={2013},
  publisher={Springer}
}

@article{graphcol6,
  title={Genetic and hybrid algorithms for graph coloring},
  author={Fleurent, Charles and Ferland, Jacques A},
  journal={Annals of Operations Research},
  volume={63},
  number={3},
  pages={437--461},
  year={1996},
  publisher={Springer}
}

@incollection{end1,
  title={Genetic programming approaches in design and optimization of mechanical engineering applications},
  author={Khayyam, Hamid and Jamali, Ali and Assimi, Hirad and Jazar, Reza N},
  booktitle={Nonlinear Approaches in Engineering Applications},
  pages={367--402},
  year={2020},
  publisher={Springer}
}

@incollection{end2,
  title={Genetic algorithm: Theory, literature review, and application in image reconstruction},
  author={Mirjalili, Seyedali and Dong, Jin Song and Sadiq, Ali Safa and Faris, Hossam},
  booktitle={Nature-Inspired Optimizers},
  pages={69--85},
  year={2020},
  publisher={Springer}
}

@book{end3,
  title={Genetic algorithms for pattern recognition},
  author={Pal, Sankar K and Wang, Paul P},
  year={2017},
  publisher={CRC press}
}

@inproceedings{end4,
  title={Genetic algorithms and machine learning},
  author={Grefenstette, John J},
  booktitle={Proceedings of the sixth annual conference on Computational learning theory},
  pages={3--4},
  year={1993}
}

@inproceedings{end5,
  title={Genetic Algorithms as a Tool for Feature Selection in Machine Learning.},
  author={Vafaie, Haleh and De Jong, Kenneth A},
  booktitle={ICTAI},
  pages={200--203},
  year={1992}
}

@article{end6,
  title={Genetic algorithm optimisation for finance and investments},
  author={Pereira, Robert},
  year={2000}
}

@article{end7,
  title={Genetic algorithms and machine learning},
  author={Goldberg, David E and Holland, John Henry},
  year={1988},
  publisher={Kluwer Academic Publishers-Plenum Publishers; Kluwer Academic Publishers~â€¦}
}

@INPROCEEDINGS{graphcol7,
author={K. M. {Elleithy} and E. G. {Abd-El-Fattah}},
booktitle={Proceedings Ninth Great Lakes Symposium on VLSI},
title={A genetic algorithm for register allocation},
year={1999},
volume={},
number={},
pages={226-227},
keywords={genetic algorithms;logic CAD;computational complexity;circuit optimisation;genetic algorithm;register allocation;merge operator;population matrix;offspring;parents;linear time complexity;logic CAD;Genetic algorithms;Hamming distance;Registers;Biological cells;Genetic engineering;Petroleum;Minerals;Testing;Pattern classification;Machine learning},
doi={10.1109/GLSV.1999.757416},
ISSN={1066-1395},
month={March},}

@ARTICLE{graphcol8,
author={E. S. H. {Hou} and N. {Ansari} and {Hong Ren}},
journal={IEEE Transactions on Parallel and Distributed Systems},
title={A genetic algorithm for multiprocessor scheduling},
year={1994},
volume={5},
number={2},
pages={113-120},
keywords={genetic algorithms;optimisation;computational complexity;multiprocessing systems;scheduling;performance evaluation;genetic algorithm;multiprocessor scheduling;NP-hard;heuristic search;robust stochastic search algorithms;optimization;simulation;list scheduling;random task graphs;robot inverse dynamics computational task graph;Genetic algorithms;Processor scheduling;Optimal scheduling;Multiprocessing systems;Scheduling algorithm;Heuristic algorithms;Robustness;Topology;Computational modeling;Robots},
doi={10.1109/71.265940},
ISSN={2161-9883},
month={Feb},}